@techreport{waitzman1990standard,
  title={Standard for the transmission of IP datagrams on avian carriers},
  author={Waitzman, David},
  year={1990}
}

@ARTICLE{ARTICLE:1,
    AUTHOR="Tommaso Sansone",
    TITLE="Dove avvengono pi√π incidenti stradali a Milano?",
    JOURNAL="thesubmarine",
    YEAR="2018",
}

@ARTICLE{ARTICLE:2,
    AUTHOR="ignoto",
    TITLE="Autovelox Milano",
    JOURNAL="ztlmilano",
    YEAR="2019",
}